@misc{elastix,
  author =      {Stefan Klein and Marius Staring},
  title =       {elastix},
  url =         {http://www.isi.uu.nl/Elastix},
  howpublished =         {http://www.isi.uu.nl/Elastix},
  year =        {2004},
}

@ARTICLE{HillEA01,
  author =      {D.~L.~G.~Hill and P.~G.~Batchelor and M.~Holden and D. J. Hawkes},
  title =       {Medical Image Registration},
  journal =     {Physics in Medicine and Biology},
  year =        {2001},
  volume =      {46},
  pages =       {R1 - R45},
  number =      {3},
}

@Manual{ITKSoftwareGuideSecondEdition,
  Title          = {The {ITK} {S}oftware {G}uide},
  dummyauthor         = {Luis {Ib\'a\~nez} and Will Schroeder and Lydia Ng and Josh Cates},
  author         = {L.~{Ib\'a\~nez} and W.~Schroeder and L.~Ng and J.~Cates},
  Organization   = {Kitware, Inc. ISBN 1-930934-15-7},
  dummyurl            = {http://www.itk.org/ItkSoftwareGuide.pdf},
  Edition        = {Second},
  year           = {2005}
}

@ARTICLE{KleinEA07,
  author =       {S.~Klein and M.~Staring and J.~P.~W.~Pluim},
  title =        {Evaluation of Optimisation Methods for Nonrigid Medical Image Registration using Mutual Information and {B}-splines},
  journal =      IEEE_J_IP,
  year =         {2007},
  volume =       {},
  number =       {},
  pages =        {},
  month =        {},
  note =         {In press},
}

@ARTICLE{LesterEA99,
  author =       {H.~Lester and S.~R. Arridge},
  title =        {A survey of hierarchical non-linear medical image registration},
  journal =      {Pattern Recognition},
  year =         {1999},
  volume =       {32},
  number =       {1},
  pages =        {129 - 149},
  dummymonth =   {??}
}

@ARTICLE{MaesEA97,
  author =      {F. Maes and A. Collignon and D. Vandermeulen and G. Marchal and P. Suetens},
  title =       {Multimodality Image Registration by Maximization of Mutual Information},
  journal =     {IEEE Transactions on Medical Imaging},
  year =        {1997},
  volume =      {16},
  pages =       {187 - 198},
  number =      {2},
}

@ARTICLE{MaintzEA98,
  author =      {Maintz, J. B. A. and Viergever, M. A.},
  title =       {A survey of medical image registration},
  journal =     {Medical Image Analysis},
  year =        {1998},
  volume =      {2},
  pages =       {1 - 36},
  number =      {1},
}

@ARTICLE{MattesEA03,
  author =      {Mattes, D. and Haynor, D. R. and Vesselle, H. and Lewellen, T. K. and Eubank, W.},
  title =       {{PET}-{CT} image registration in the chest using free-form deformations},
  journal =     {IEEE Transactions on Medical Imaging},
  year =        {2003},
  volume =      {22},
  pages =       {120 - 128},
  number =      {1},
  dummymonth =       {January}
}

@BOOK{NocedalEA99,
  author =      {J.~Nocedal and S.~J.~Wright},
  title =       {Numerical optimization},
  publisher =   {Springer-Verlag, New York},
  year =        {1999},
  ISBN =        {0-387-98793-2},
}

@ARTICLE{RueckertEA99,
  author =       {D.~Rueckert and L.~I.~Sonoda and C.~Hayes and D.~L.~G.~Hill and M.~O.~Leach and D.~J.~Hawkes},
  title =        {Nonrigid Registration Using Free-Form Deformations: Application to Breast {MR} Images},
  journal =      {IEEE Transactions on Medical Imaging},
  year =         {1999},
  volume =       {18},
  number =       {8},
  pages =        {712 - 721},
  dummymonth =        {August}
}

@article{Spall98,
  author =       {J.~C.~Spall},
  title =        {Implementation of the Simultaneous Perturbation Method for Stochastic Optimization},
  journal =      {IEEE Transactions on Aerospace and Electronic Systems},
  dummyjournal =      IEEE_J_AES,
  volume =       {34},
  number =       {3},
  pages =        {817 - 823},
  year =         {1998},
}

@ARTICLE{ThevenazEA00a,
  author =      {P. Th\'evenaz and M. Unser},
  title =       {Optimization of Mutual Information for Multiresolution Image Registration},
  journal =     {IEEE Transactions on Image Processing},
  year =        {2000},
  volume =      {9},
  pages =       {2083 - 2099},
  number =      {12},
  dummymonth =       {December},
}

@ARTICLE{Unser99,
  author =      {M. Unser},
  title =       {Splines: A perfect fit for signal and image processing},
  journal =     {IEEE Signal Processing Magazine},
  year =        {1999},
  volume =      {16},
  pages =       {22 - 38},
  number =      {6},
  dummymonth =       {November},
}

@ARTICLE{ViolaEA97,
  author =      {Paul Viola and William M. {Wells III}},
  title =       {Alignment by Maximization of Mutual Information},
  journal =     {International Journal of Computer Vision},
  year =        {1997},
  volume =      {24},
  pages =       {137 - 154},
  number =      {2},
}
